@article{einstein,
    author        = {Albert Einstein},
    title         = {Zur Elektrodynamik bewegter K{\"o}rper. (German) [On the electrodynamics of moving bodies]},
    journaltitle  = {Annalen der Physik},
    year          = {1905},
    volume        = {322},
    number        = {10},
    pages         = {891-921},
    doi           = {http://dx.doi.org/10.1002/andp.19053221004}
}

@article{standard2,
	author        = {Albert Einstein},
	title         = {International Union of pure and applied Physics. Symbols, Units, Nomenclature and fundamental Constants in Physics},
	journaltitle  = {Physica},
	year          = {1905},
	volume        = {322},
	number        = {10},
	pages         = {891-921},
	doi           = {http://dx.doi.org/10.1002/andp.19053221004}
}


@online{knuthwebsite,
    author        = {Donald Knuth},
    title         = {Knuth: Computers and Typesetting},
    year          = {1984},
    url           = {http://www-cs-faculty.stanford.edu/~uno/abcde.html}
}

@online{siunit,
	author        = {NIST},
	title         = {SI Unit rules and style conventions },
	year          = {1984},
	url           = {https://physics.nist.gov/cuu/Units/checklist.html}
}

@book{latexcompanion,
    author        = {Michel Goossens and Frank Mittelbach and Alexander Samarin},
    title         = {The \LaTeX\ Companion},
    year          = {1993},
    publisher     = {Addison-Wesley},
    location      = {Reading, Massachusetts}
}
